<record xmlns="http://www.loc.gov/MARC21/slim" xmlns:xsi="http://www.w3.org/2001/XMLSchema-instance" xsi:schemaLocation="http://www.loc.gov/MARC21/slim http://www.loc.gov/standards/marcxml/schema/MARC21slim.xsd">

  <leader>00566nam a2200169Ia 4500</leader>
  <datafield ind1=" " tag="999" ind2=" ">
    <subfield code="c">1337</subfield>
    <subfield code="d">1337</subfield>
  </datafield>
  <controlfield tag="001">"</controlfield>
  <controlfield tag="008">140512s2005    s             000 | spa d</controlfield>
  <datafield ind2=" " tag="090" ind1=" ">
    <subfield code="a">05.03.01 </subfield>
    <subfield code="b">1123</subfield>
  </datafield>
  <datafield ind2=" " tag="110" ind1="2">
    <subfield code="a">Naciones Unidas. Asamblea General</subfield>
    <subfield code="9">2924</subfield>
  </datafield>
  <datafield ind1="1" tag="245" ind2="0">
    <subfield code="a">Objetivos de desarrollo del milenio: Una mirada desde América Latina y el Caribe</subfield>
  </datafield>
  <datafield ind2=" " tag="260" ind1=" ">
    <subfield code="a">[Lugar de publicación no identificado] :</subfield>
    <subfield code="b">Naciones Unidas, </subfield>
    <subfield code="c">2005</subfield>
  </datafield>
  <datafield ind1=" " tag="300" ind2=" ">
    <subfield code="a">335 páginas</subfield>
  </datafield>
  <datafield ind1="1" tag="650" ind2="4">
    <subfield code="a">DESARROLLO HUMANO</subfield>
    <subfield code="9">77</subfield>
  </datafield>
  <datafield tag="650" ind2="4" ind1="1">
    <subfield code="a">CONDICIONES ECONÓMICAS</subfield>
    <subfield code="9">269</subfield>
  </datafield>
  <datafield ind1="1" tag="650" ind2="4">
    <subfield code="a">CONDICIONES SOCIALES</subfield>
    <subfield code="9">1681</subfield>
  </datafield>
  <datafield ind1=" " tag="942" ind2=" ">
    <subfield code="2">z</subfield>
    <subfield code="c">01</subfield>
  </datafield>
</record>